

@inproceedings{mohajeri2020,
  title={Run, agent, run! architecture and benchmarking of actor-based agents},
  author={Parizi, M. and Sileno, G. and van-Engers, T. and Klous, S.},
  booktitle={Proceedings of the 10th ACM SIGPLAN International Workshop on Programming Based on Actors, Agents, and Decentralized Control},
  pages={11--20},
  year={2020}
}

@inproceedings{angiani2018,
  title={Actors based agent modelling and simulation},
  author={Angiani, G. and Fornacciari, P. and Lombardo, G. and Poggi, A. and Tomaiuolo, M.},
  booktitle={International Conference on Practical Applications of Agents and Multi-Agent Systems},
  pages={443--455},
  year={2018},
  organization={Springer}
}


@article{Bousquet2004,
	title={Multi-agent simulations and ecosystem management: a review},
	author={Bousquet, Fran{\c{c}}ois and Le Page, Christophe},
	journal={Ecological modelling},
	volume={176},
	number={3},
	pages={313--332},
	year={2004},
	publisher={Elsevier}
}

@article{An2012, 
	author = {An, Li}, 
	doi = {10.1016/j.ecolmodel.2011.07.010}, 
	isbn = {03043800}, 
	issn = {03043800}, 
	journal = {Ecological Modelling}, 
	keywords = {Agent-based modeling,Coupled human and natural systems,Human decision making,Review}, 
	title = {{Modeling human decisions in coupled human and natural systems: Review of agent-based models}}, 
	year = {2012} 
} 

@inproceedings{Beecham1998, 
	author = {Beecham, J. A. and Farnsworth, K. D.}, 
	booktitle = {Ecological Modelling}, 
	doi = {10.1016/S0304-3800(98)00139-2}, 
	isbn = {0304-3800}, 
	issn = {03043800}, 
	keywords = {Animal foraging,Food intake,Hierarchical hexagonal map,Individual-based model,Object-orientated modelling,Social behaviour}, 
	pmid = {446773553482320346}, 
	title = {{Animal foraging from an individual perspective: An object orientated model}}, 
	year = {1998} 
} 

@article{Brooks1991, 
	author = {Brooks, Rodney A.}, 
	doi = {10.1016/0004-3702(91)90053-M}, 
	isbn = {0004-3702}, 
	issn = {00043702}, 
	journal = {Artificial Intelligence}, 
	pmid = {14599324}, 
	title = {{Intelligence without representation}}, 
	year = {1991} 
} 

@article{DeGaris2010, 
	author = {de Garis, Hugo and Shuo, Chen and Goertzel, Ben and Ruiting, Lian}, 
	doi = {10.1016/j.neucom.2010.08.004}, 
	isbn = {0925-2312}, 
	issn = {09252312}, 
	journal = {Neurocomputing}, 
	keywords = {Artificial brains,Large-scale brain simulations}, 
	pmid = {1000253909}, 
	title = {{A world survey of artificial brain projects, Part I: Large-scale brain simulations}}, 
	year = {2010} 
} 

@article{Campos, 
	author = {Campos, L. and Dickman, R and Graeff, F. and Borges, H.}, 
	title = {A concurrent, minimalist model for an embodied nervous system},
	journal = {International Brazilian Meeting
on Cognitive Science},
	year = {2015}
	} 

@inproceedings{Friedlander2008,
  title={LIDA and a Theory of Mind},
  author={Friedlander, David and Franklinb, Stan},
  booktitle={Artificial general intelligence, 2008: Proceedings of the first agi conference},
  volume={171},
  pages={137},
  year={2008},
  organization={IOS Press}
}

@article{Maturana1987, 
	author = {Maturana, H. R.}, 
	title = {Everything is said by an observer},  
	year = {1987}, 
	journal = {Thompson, W.I. Gaia: a way of knowing. Political implications of the new biology}, 
	publisher = {New York: Lindisfarne Press}, 
	pages = "11--36" 
} 

@article{Goertzel2010, 
	author = {Goertzel, Ben and Lian, Ruiting and Arel, Itamar and de Garis, Hugo and Chen, Shuo}, 
	doi = {10.1016/j.neucom.2010.08.012}, 
	isbn = {0925-2312}, 
	issn = {09252312}, 
	journal = {Neurocomputing}, 
	keywords = {Artificial brains,Cognitive architectures}, 
	pmid = {1000310784}, 
	title = {{A world survey of artificial brain projects, Part II: Biologically inspired cognitive architectures}}, 
	year = {2010} 
} 

@article{Hl,
  title={Diet choice of a predator in the wild: overabundance of prey and missed opportunities along the prey capture sequence},
  author={Brechb{\"u}hl, Rolf and Casas, J{\'e}r{\^o}me and Bacher, Sven},
  journal={Ecosphere},
  volume={2},
  number={12},
  pages={1--15},
  year={2011},
  publisher={Wiley Online Library}
}

@article{McNamara1987,
  title={Partial preferences and foraging},
  author={McNamara, John M and Houston, Alasdair I},
  journal={Animal Behaviour},
  volume={35},
  number={4},
  pages={1084--1099},
  year={1987},
  publisher={Elsevier}
}

@article{Hewitt2012,
  title={What is computation? Actor model versus Turing’s model},
  author={Hewitt, Carl and Zenil, H},
  journal={A Computable Universe: Understanding and Exploring Nature as Computation},
  pages={159--85},
  year={2013},
  publisher={World Scientific Publishing Singapore}
}

@article{Hewitt2014, 
  title={Actor model of computation: scalable robust information systems},
  author={Hewitt, Carl},
  journal={arXiv preprint arXiv:1008.1459},
  year={2010}
}

@article{Zhang2014, 
  title={Recent experience-driven behaviour optimizes foraging},
  author={Zhang, Feng and Hui, Cang},
  journal={Animal Behaviour},
  volume={88},
  pages={13--19},
  year={2014},
  publisher={Elsevier}
}

@InProceedings{Bach2003, 
  title={The micropsi agent architecture},
  author={Bach, Joscha},
  booktitle={Proceedings of ICCM-5, international conference on cognitive modeling, Bamberg, Germany},
  pages={15--20},
  year={2003},
  organization={Citeseer}
}

@inproceedings{Bach2012, 
  title={MicroPsi 2: the next generation of the MicroPsi framework},
  author={Bach, Joscha},
  booktitle={International Conference on Artificial General Intelligence},
  pages={11--20},
  year={2012},
  organization={Springer}
}

@book{Cornfeld2012,
  title={Ergodic theory},
  author={Cornfeld, Isaac P and Fomin, Sergej V and Sinai, Yakov Grigor'evǐc},
  volume={245},
  year={2012},
  publisher={Springer Science \& Business Media}
}

@book{Armstrong2007,
  title={Programming Erlang: software for a concurrent world},
  author={Armstrong, Joe},
  year={2007},
  publisher={Pragmatic Bookshelf}
}

@article {Yerkes1908,
	author = {Yerkes, Robert M. and Dodson, John D.},
	title = {The relation of strength of stimulus to rapidity of habit-formation},
	journal = {Journal of Comparative Neurology and Psychology},
	volume = {18},
	number = {5},
	publisher = {The Wistar Institute of Anatomy and Biology},
	issn = {1550-7149},
	url = {http://dx.doi.org/10.1002/cne.920180503},
	doi = {10.1002/cne.920180503},
	pages = {459--482},
	year = {1908},
}

@Article{math10030382,
AUTHOR = {Leon, F.},
TITLE = {{ActressMAS, a .NET Multi-Agent Framework Inspired by the Actor Model}},
JOURNAL = {Mathematics},
VOLUME = {10},
YEAR = {2022},
NUMBER = {3},
ARTICLE-NUMBER = {382},
DOI = {10.3390/math10030382}
}


@Article{Crafa,
AUTHOR = {Crafa, S.},
TITLE = {From agent-based modeling to actor-based reactive systems in the analysis of financial networks},
JOURNAL = {Journal of Economic Interaction and Coordination},
VOLUME = {16},
YEAR = {2021},
pages = {649-673},
DOI = {https://doi.org/10.1007/s11403-021-00323-8}
}

@article{NGUYEN2021103143,
title = {Optimizing the resource usage of actor-based systems},
journal = {Journal of Network and Computer Applications},
volume = {190},
pages = {103143},
year = {2021},
issn = {1084-8045},
doi = {https://doi.org/10.1016/j.jnca.2021.103143},
author = {Nguyen, H. and Do, T. and Rotter, C.},
}

@article{STARZEC2019102573,
title = {Distributed ant colony optimization based on actor model},
journal = {Parallel Computing},
volume = {90},
pages = {102573},
year = {2019},
issn = {0167-8191},
doi = {https://doi.org/10.1016/j.parco.2019.102573},
author = {Starzec, M. and Starzec, G. and Byrski, A. and Turek, W.},
}

@InProceedings{idzik,
author="Idzik, M.
and Byrski, A.
and Turek, W.
and Kisiel-Dorohinicki, M.",
title="Asynchronous Actor-Based Approach to Multiobjective Hierarchical Strategy",
year="2020",
publisher="Springer International Publishing",
pages="172--185",
doi = {https://doi.org/10.1007/978-3-030-50420-5_13}
}

@ARTICLE{9113746,
  author={Cao, D. and Hu, W. and Zhao, J. and Huang, Q. and Chen, Z. and Blaabjerg, F.},
  journal={IEEE Transactions on Power Systems}, 
  title={{A Multi-Agent Deep Reinforcement Learning Based Voltage Regulation Using Coordinated PV Inverters}}, 
  year={2020},
  volume={35},
  number={5},
  pages={4120-4123},
  doi={10.1109/TPWRS.2020.3000652}}
  
@article{LI2022117900,
title = {Coordinated load frequency control of multi-area integrated energy system using multi-agent deep reinforcement learning},
journal = {Applied Energy},
volume = {306},
pages = {117900},
year = {2022},
issn = {0306-2619},
doi = {https://doi.org/10.1016/j.apenergy.2021.117900},
author = {Li, J. and Yu, T. and Zhang, X.},
}
